@ARTICLE{Arrow,
 author={ Arrow, K.J.},
 title={ The role of securities in the optimal allocation of risk bearing},
 journal={  Review of Economic Studies},
 volume={31},
 pages={91--96 },
 year={1964}
}
\bibitem{broadiekaya} Broadie, M., Kaya, O.: Exact simulation of stochastic volatility and other affine jump diffusion processes.  Operations Research (forthcoming)
@ARTICLE{broadiekaya,
 author={Broadie, M. and Kaya, O.},
 title={Exact simulation of stochastic volatility and other affine jump diffusion processes},
 journal={Operations Research},
 volume={52},
 pages={217--231},
 year={2006}
}
@ARTICLE{Stulz,
 author={Stulz, R.},
 title={Options on the minimum or maximum of two risky assets: Analysis and applications},
 journal={Journal of Financial Economics},
 volume={10},
 pages={161--185},
 year={1982}
}
@ARTICLE{CV,
 author={Conze, A. and Viswanathan},
 title={Path dependent options: The case of lookback options},
 journal={Journal of Finance},
 volume={46},
 pages={1893--1907 },
 year={1991}
}
@BOOK{BR,
 author={Bielecki, T.  and  Rutkowski, M.},
 title={ Credit Risk: Modeling, Valuation and Hedging},
 publisher={Springer},
 address={Berlin Heidelberg New York},
 year={2002}
}
@BOOK{JW,
 author={James, J. and Webber, N.},
 title={ Interest Rate Modelling},
 publisher={Wiley},
 address={New York},
 year={200}
}
@ARTICLE{Black,
 author={ Black, F.},
 title={ The pricing of commodity contracts},
 journal={  Journal of Financial Economics},
 volume={3},
 pages={167--179 },
 year={1976}
}
@BOOK{BDT,
 author={ Black, F. and  Derman, E. and  Toy, W.},
 title={ A one-factor model of interest rates and its application to Treasury bond options. Financial Analysts Journal},
 publisher={},
 address={ January/February,  33--39},
 year={1990}
}
@BOOK{BK,
 author={ Black, F. and  Karasinski, P.},
 title={ Bond and option pricing when short rates are lognormal. Financial Analysts Journal},
 publisher={},
 address={ July-August,  52--59},
 year={1991}
}
@ARTICLE{BS,
 author={ Black, F. and  Scholes, M.},
 title={ The pricing of options and corporate liabilities},
 journal={ Journal of Political Economy},
 volume={81},
 pages={ 637--654 },
 year={1973}
}
@ARTICLE{Bollerslev,
 author={ Bollerslev, T.},
 title={ Generalized autoregressive conditional heteroskedasticity},
 journal={ Journal of Econometrics},
 volume={31},
 pages={ 307--327 },
 year={1986}
}
@ARTICLE{CarrMadan,
 author={ Carr, P. and Madan, D. B.},
 title={ Option valuation using the fast Fourier transform},
 journal={ Journal of Computational Finance},
 volume={2},
 pages={ 61--73},
 year={1999}
}
@ARTICLE{boyle,
 author={ Boyle, P.},
 title={ Options: a Monte Carlo approach},
 journal={  Journal of Financial Economics},
 volume={4},
 pages={323--338 },
 year={1977}
}
@ARTICLE{BGM,
 author={ Brace, A. and  Gatarek, D.  and  Musiela, M.},
 title={ The market model of interest rate dynamics},
 journal={ Mathematical Finance},
 volume={7},
 pages={ 127--154 },
 year={1996}
}
@BOOK{Brandimarte,
 author={Brandimarte, P.},
 title={ Numerical Methods in Finance:  A MATLAB-Based Introduction},
 publisher={},
 address={ Wiley, New York},
 year={2002}
}
@BOOK{BrennanSchwartz,
 author={ Brennan, M. and  Schwartz, E.},
 title={ Finite difference methods and jump processes arising in the pricing of contingent claims:  a synthesis. Journal of Financial and Quantitative Analysis 13},
 publisher={},
 address={  461--474},
 year={1978}
}
@BOOK{BM,
 author={Brigo, D. and  Mercurio, F.},
 title={ Interest Rate Models},
 publisher={},
 address={  Theory and Practice, Springer, Berlin Heidelberg New York},
 year={2001}
}
@ARTICLE{BD,
 author={ Broadie, M. and  Detemple, J.},
 title={ American option valuation:  new bounds, approximations, and a comparison of existing methods},
 journal={ Review of Financial Studies},
 volume={9},
 pages={ 1211--1250 },
 year={1997}
}
@ARTICLE{bg2,
 author={ Broadie, M. and  Glasserman, P.},
 title={ Estimating security price derivatives using simulation},
 journal={  Management Science},
 volume={42},
 pages={269--285 },
 year={1996}
}
@ARTICLE{BG,
 author={ Broadie, M. and  Glasserman, P.},
 title={ Pricing American-style securities using simulation},
 journal={ Journal of Economic Dynamics and Control},
 volume={21},
 pages={ 1323--1352 },
 year={1997}
}
@BOOK{CS,
 author={Clewlow, L. and  Strickland, C.},
 title={ Implementing Derivatives Models},
 publisher={},
 address={ Wiley, New York},
 year={1998}
}
@ARTICLE{CIR,
 author={ Cox, J. and  Ingersoll, J. and  Ross, S.},
 title={ A theory of the term structure of interest rates},
 journal={ Econometrica},
 volume={53},
 pages={ 385--408 },
 year={1985}
}
@ARTICLE{CR,
 author={ Cox, J. and  Ross, S.},
 title={ The valuation of options for alternative stochastic processes},
 journal={ Journal of Financial Economics},
 volume={3},
 pages={ 145--166 },
 year={1976}
}
@ARTICLE{CRR,
 author={ Cox, J. and  Ross, S. and  Rubinstein, M.},
 title={ Option pricing:  a simplified approach},
 journal={ Journal of Financial Economics},
 volume={7},
 pages={ 229--263 },
 year={1979}
}
@ARTICLE{DSing,
 author={ Dai, Q. and  Singleton, K.},
 title={ Specification analysis of affine term structure models},
 journal={ Journal of Finance},
 volume={55},
 pages={ 1943--1978 },
 year={2000}
}
@ARTICLE{Drezner,
 author={ Drezner, Z.},
 title={ Computation of the bivariate normal integral},
 journal={ Mathematics of Computation},
 volume={32},
 pages={  277-279 },
 year={1978}
}
@ARTICLE{DK,
 author={ Duffie, D. and  Kan, R.},
 title={ A yield-factor model of interest rates},
 journal={},
 volume={6},
 pages={379--406 },
 year={1996}
}
@BOOK{DS,
 author={Duffie, D. and  Singleton, K.},
 title={ Credit Risk:  Pricing},
 publisher={},
 address={ Measurement and Management, Princeton University Press, Princeton, New Jersey},
 year={2003}
}
@BOOK{Epps,
 author={Epps, T. W.},
 title={ Pricing Derivative Securities},
 publisher={},
 address={ World Scientific Publishing, Singapore},
 year={2000}
}
@ARTICLE{GKR,
 author={ Geman, H. and  El Karoui, N. and  Rochet, J.-C.},
 title={ Changes of numeraire, changes of probability measure and option pricing},
 journal={ Journal of Applied Probability},
 volume={32},
 pages={ 443--458 },
 year={1995}
}
@ARTICLE{Geske,
 author={ Geske, R.},
 title={ The valuation of compound options},
 journal={ Journal of Financial Economics},
 volume={7},
 pages={ 63--81 },
 year={1979}
}
@BOOK{Glasserman,
 author={ Glasserman, P.},
 title={ Monte Carlo Methods in Financial Engineering},
 publisher={},
 address={ Springer, New York Berlin Heidelberg},
 year={2004}
}
@ARTICLE{GSG,
 author={ Goldman, M. and  Sosin, H. and  Gatto, M.},
 title={ Path dependent options:  `buy at the low, sell at the high},
 journal={'  Journal of Finance},
 volume={34},
 pages={ 1111--1127 },
 year={1979}
}
@ARTICLE{HK,
 author={ Harrison, J.M. and  Kreps, D.},
 title={ Martingales and arbitrage in multiperiod securities markets},
 journal={ Journal of Economic Theory},
 volume={20},
 pages={ 381--408 },
 year={1979}
}
@BOOK{Haug,
 author={ Haug, E.G.},
 title={ The Complete Guide to Option Pricing Formulas},
 publisher={},
 address={ McGraw-Hill, New York},
 year={1998}
}
@ARTICLE{HJM,
 author={Heath, D. and  Jarrow, R. and  Morton, A.},
 title={ Bond pricing and the term structure of interest rates:  a new methodology for contingent claims valuation},
 journal={ Econometrica},
 volume={60},
 pages={ 77--105 },
 year={1992}
}
@ARTICLE{Heston,
 author={ Heston, S.},
 title={ A closed-form solution for options with stochastic volatility with applications to bond and currency options},
 journal={ Review of Financial Studies},
 volume={6},
 pages={ 327--344 },
 year={1993}
}
@ARTICLE{HN,
 author={ Heston, S. and  Nandi, S.},
 title={ A closed-form GARCH option valuation model},
 journal={ Review of Financial Studies},
 volume={13},
 pages={ 585--625 },
 year={2000}
}
@ARTICLE{HL,
 author={ Ho, T. and  Lee, S.},
 title={ Term structure movements and pricing interest rate contingent claims},
 journal={ Journal of Finance},
 volume={41},
 pages={ 1011--1029 },
 year={1986}
}
@BOOK{Hull,
 author={ Hull, J.},
 title={ Options},
 publisher={},
 address={ Futures, and Other Derivatives,  Prentice-Hall, 5th~ed, Upper Saddle River, New Jersey},
 year={2002}
}
@ARTICLE{HW,
 author={ Hull, J. and  White, A.},
 title={ Pricing interest-rate-derivative securities},
 journal={ Review of Financial Studies},
 volume={3},
 pages={ 573--592 },
 year={1990}
}
@BOOK{Jackel,
 author={J\"ackel, P.},
 title={ Monte Carlo Methods in Finance},
 publisher={},
 address={ Wiley, New York},
 year={2002}
}
@BOOK{JS,
 author={Jackson, M. and  Staunton, M.},
 title={ Advanced Modelling in Finance Using Excel and VBA},
 publisher={},
 address={ Wiley, New York},
 year={2001}
}
@ARTICLE{Jamshidian89,
 author={ Jamshidian, F.},
 title={ An exact bond option formula},
 journal={},
 volume={44},
 pages={ 205--209 },
 year={1989}
}
@ARTICLE{Jamshidian97,
 author={ Jamshidian, F.},
 title={ LIBOR and swap market models and measures},
 journal={ Finance and Stochastics},
 volume={1},
 pages={ 293--330 },
 year={1997}
}
@BOOK{JR,
 author={Jarrow, R. and  Rudd, A.},
 title={ Option Pricing},
 publisher={},
 address={ Dow Jones-Irwin, Homewood, Illinois},
 year={1983}
}
@BOOK{KS,
 author={Karatzas, I. and  Shreve, S.},
 title={ Brownian Motion and Stochastic Calculus},
 publisher={},
 address={ Springer, New York Berlin Heidelberg},
 year={1988}
}
@ARTICLE{LR,
 author={ Leisen, D.P.J. and  Reimer, M.},
 title={ Binomial models for option valuation---examining and improving convergence},
 journal={},
 volume={3},
 pages={ 319--346 },
 year={1996}
}
@ARTICLE{LS92,
 author={ Longstaff, F. and  Schwartz, E.},
 title={ Interest rate volatility and the term structure:  a two-factor general equilibrium model},
 journal={},
 volume={47},
 pages={ 1259--1282 },
 year={1992}
}
@ARTICLE{LS01,
 author={ Longstaff, F. and  Schwartz, E.},
 title={ Valuing American options by simulation:  a simple least-squares approach},
 journal={ Review of Financial Studies},
 volume={14},
 pages={ 113--147 },
 year={2001}
}
@BOOK{McDonald,
 author={ McDonald, R.},
 title={ Derivatives Markets},
 publisher={},
 address={ Addison Wesley, Boston},
 year={2003}
}
@ARTICLE{Margrabe,
 author={ Margrabe, W.},
 title={ The value of an option to exchange one asset for another},
 journal={ Journal of Finance},
 volume={33},
 pages={ 177--186 },
 year={1978}
}
@ARTICLE{Merton,
 author={ Merton, R.},
 title={ Theory of rational option pricing},
 journal={ Bell Journal of Economics and Management Science},
 volume={4},
 pages={ 141--183 },
 year={1973}
}
@ARTICLE{MertonJD,
 author={ Merton, R.},
 title={ Option Pricing When Underlying Stock Returns Are Discontinuous},
 journal={ Journal of Financial Economics},
 volume={3},
 pages={ 125--144},
 year={1976}
}

@ARTICLE{MSS,
 author={ Miltersen, K.R. and  Sandermann, K. and  Sondermann, D.},
 title={ Closed form solutions for term structure derivatives with log-normal interest rates},
 journal={},
 volume={52},
 pages={ 409--430 },
 year={1997}
}
@BOOK{MX,
 author={ Mina, J. and  Xiao, J.},
 title={ Return to RiskMetrics},
 publisher={},
 address={  The Evolution of a Standard},
 year={2001}
}
@BOOK{MR,
 author={ Musiela, M. and  Rutkowski, M.},
 title={ Martingale Methods in Financial Modeling},
 publisher={},
 address={ Springer, Berlin Heidelberg New York},
 year={1997}
}
@BOOK{Rebonato98,
 author={ Rebonato, R.},
 title={ Interest-Rate Option Models},
 publisher={},
 address={ 2nd ed., Wiley, New York, },
 year={1998}
}
@BOOK{Rebonato02,
 author={ Rebonato, R.},
 title={ Modern Pricing of Interest-Rate Derivatives},
 publisher={},
 address={  The LIBOR Market Model and Beyond, Princeton University Press, Princeton, New Jersey},
 year={2002}
}
@BOOK{Schonbucher,
 author={ Sch{\"o}nbucher, P.},
 title={ Credit Derivatives Pricing Models:  Models},
 publisher={},
 address={ Pricing and Implementation, Wiley, New York},
 year={2003}
}
@BOOK{Tavakoli,
 author={ Tavakoli, J.},
 title={ Credit Derivatives and Synthetic Structures},
 publisher={},
 address={ Wiley, New York},
 year={2001}
}
@BOOK{Tavella,
 author={ Tavella, D.A.},
 title={ Quantitative Methods in Derivatives Pricing},
 publisher={},
 address={ Wiley, New York},
 year={2002}
}
@ARTICLE{Trigeorgis,
 author={ Trigeorgis, A.},
 title={ A log-transformed binomial analysis method for valuing complex multi-option investments},
 journal={ Journal of Financial and Quantitative Analysis},
 volume={26},
 pages={ 309--326 },
 year={1991}
}
@ARTICLE{Vasicek,
 author={ Vasicek, O.},
 title={ An equilibrium characterization of the term structure},
 journal={ Journal of Financial Economics},
 volume={5},
 pages={ 177--188 },
 year={1977}
}
@BOOK{Wilmott,
 author={ Wilmott, P.},
 title={ Paul Wilmott on Quantitative Finance},
 publisher={},
 address={ Vol.\ 2, Wiley, New York},
 year={2000}
}
@BOOK{WDH,
 author={ Wilmott, P. and  Dewynne, J. and  Howison, S.},
 title={ Option Pricing:  Mathematical Models and Computation},
 publisher={},
 address={ Oxford Financial Press, Oxford},
 year={2000}
}
@BOOK{Zhang,
 author={ Zhang, P.G.},
 title={ Exotic Options},
 publisher={},
 address={  A Guide to Second Generation Options, 2nd ed., World Scientific Publishing, Singapore},
 year={1998}
}
